

@book{Crastan2008,
author = {Crastan, Valentin},
publisher = {Springer Verlag},
title = {Elektrische Energieversorgung, Teil 2},
year = {2008},
doi = {10.1007/978-3-662-06958-5},
address = {Berlin, Heidelberg}
}

