
% Saved with string encoding Unicode (UTF-8) 
	    
@booklet{MOSHaupt,
    author	=	{Forschungsstelle{\ }für{\ }Energiewirtschaft{\ }e.V.},
    TITLE	=	{Verbundforschungsvorhaben Merit Order der Energiespeicherung im Jahr 2030},
    YEAR	=	2016,
    month	=	{Mai},
	howpublished	=	{\url{https://www.ffe.de/die-themen/speicher-und-netze/414-merit-order-der-energiespeicherung-im-jahr-2030}},
	note	=	{Abgerufen: 12.12.2017},
    }

@booklet{BDEWMai17,
	author	=	{Bundesverband{\ }der{\ }Energie-{\ }und{\ }Wasserwirtschaft{\ }e.V.},
    TITLE	=	{BDEW-Strompreisanalyse Mai 2017},
    YEAR	=	2017,
    month	=	{Mai},
	howpublished	=	{\url{https://www.bdew.de/internet.nsf/res/ACB6766AE4CA66E0C1258132004BC873/$file/170531_BDEW_Strompreisanalyse_Mai2017.pdf}},
	note	=	{Abgerufen: 12.12.2017},
	address = 	{Berlin}
    }

@booklet{Monitor17,
    author	=	{Bundesnetzagentur and Bundeskartellamt},
    TITLE	=	{Monitoringbericht 2017},
    YEAR	=	2017,
    month	=	{November},
	howpublished	=	{\url{https://www.bundesnetzagentur.de/DE/Sachgebiete/ElektrizitaetundGas/Unternehmen_Institutionen/DatenaustauschundMonitoring/Monitoring/Monitoringberichte/Monitoring_Berichte_node.html}},
	note	=	{Abgerufen: 10.12.2017},
	address = 	{Bonn}
    }

@article{BWKAstrid,
	 author = {Caroline Möller and Andreas Pfeif and Martin Faulstich and Sandra Rosenberger},
	 title = {Batteriespeicher in Industrie und Gewerbe},
	 journal = {BWK Das Energie-Fachmagazin},
	 issue_date = {Juli August 2017},
	 number = {7/8},
	 year = {2017},
	 issn = {1618-193X},
	 address = {Düsseldorf},
	}

@booklet{Branchen,
	author  =   {Statistisches{\ }Bundesamt},
	TITLE	=	{Gliederung der Klassifikation der Wirtschaftszweige},
	YEAR	=	{2008},
	month	=	{Februar},
	howpublished	=	{\url{https://www.destatis.de/DE/Methoden/Klassifikationen/Gueter-Wirtschaftsklassifikationen/Downloads/gliederung-klassifikation-wz-3100130089004.pdf}},
	note	=	{Abgerufen: 12.12.2017},
	address = 	{Wiesbaden}
}

@article{dilts_evolution_1991,
	title = {The evolution of control architectures for automated manufacturing systems},
	volume = {10},
	issn = {0278-6125},
	url = {http://www.sciencedirect.com/science/article/pii/0278612591900498},
	doi = {10.1016/0278-6125(91)90049-8},
	abstract = {While there have been several control architectures proposed, a framework that identifies the relationships between such architectures has been missing. The purpose of this paper is to trace the evolution of control structures for automated manufacturing systems (AMS), identify the relationships between the architectures, and identify key design decisions that are affected by each type of control structure. AMS control architectures are defined, as are their importance as a critical design decision for automated manufacturing systems. The demands that automated manufacturing make upon a control architecture are discussed. Subsequently the four basic control architectures representing an evolution of design are presented. The characteristics, advantages, and disadvantages of each of the basic forms are reviewed. Examples are presented to highlight these attributes. The paper concludes with projections on possible future directions of control architectures.},
	number = {1},
	journal = {Journal of Manufacturing Systems},
	author = {Dilts, D. M. and Boyd, N. P. and Whorms, H. H.},
	month = jan,
	year = {1991},
	keywords = {Control Architectures, Heterarchical Control, Hierarchical Control},
	pages = {79--93},
	file = {ScienceDirect Full Text PDF:/home/ferenz/Nextcloud/Dokumente/Zotero/storage/JE4NPZI2/Dilts et al. - 1991 - The evolution of control architectures for automat.pdf:application/pdf;ScienceDirect Snapshot:/home/ferenz/Nextcloud/Dokumente/Zotero/storage/MFW6SX3J/0278612591900498.html:text/html}
}

@book{vde_vde-ar-n_2018-1,
	address = {Berlin, Germany},
	title = {{VDE}-{AR}-{N} 4110: {Technische} {Regeln} für den {Anschluss} von {Kundenanlagen} an das {Mittelspannungsnetz} und deren {Betrieb} ({TAR} {Mittelspannung})},
	publisher = {VDE Verlag GmbH},
	author = {VDE},
	month = nov,
	year = {2018},
	note = {(in German)},
	file = {VDE-AR-N 4110 Anwendungsregel\:2018-11 - Normen - VDE VERLAG:/home/ferenz/Nextcloud/Dokumente/Zotero/storage/GMC64CFH/vde-ar-n-4110-anwendungsregel-2018-11.html:text/html}
}